<?xml version="1.0" encoding="UTF-8"?><collection xmlns="http://www.loc.gov/MARC21/slim"><record><leader>00395nam--2200133-i-4500</leader><controlfield tag="001">000013773</controlfield><controlfield tag="002">20161230</controlfield><controlfield tag="005">20161230201030</controlfield><controlfield tag="008">060222s1000------------r-----000-0-eng-d</controlfield><datafield ind1=" " ind2=" " tag="245"><subfield code="a">Proceedings int.conf.on data bases. univ.of ab erdeen july 1980</subfield></datafield><datafield ind1=" " ind2=" " tag="260"><subfield code="a">London, Heyden, 1980. Xii + 288 P</subfield></datafield><datafield ind1=" " ind2=" " tag="490"><subfield code="a">The British Computer Society Workshop Series</subfield></datafield><datafield ind1=" " ind2=" " tag="700"><subfield code="a">Deem, S.M. /S.A.</subfield></datafield><datafield ind1=" " ind2=" " tag="852"><subfield code="a">49267</subfield></datafield></record></collection>